@online{tutorialspoint,
    author = "tutorialspoint",
    title = "Ordenador-Memoria",
    url  = "https://www.tutorialspoint.com/es/computer\_fundamentals/computer\_memory.htm",
    addendum = "(accessed: 08.09.2020)",
    keywords = "Ordenador,Memoria"
}

@unpublished{tallermemoria,
    author = "Augusto Salazar Jimenez",
    title = "Taller - Nociones de la memoria del computador",
    year = "2020",
}

@online{gestionmemoria,
    author = "sistemasoperativosfesaragon",
    title = "Gesti√≥n de la memoria",
    url  = "https://sistemasoperativosfesaragon.wordpress.com/unidad-5-gestion-de-la-memoria/",
    addendum = "(accessed: 08.09.2020)",
    keywords = "Gestion,Memoria"
}